@article{lazyprof,
    author = {Chang, Stephen and Felleisen, Matthias},
    title = {Profiling for Laziness},
    series = {POPL '14},
    year = {2014},
    volume = {49},
    number = {1},
    doi = {10.1145/2578855.2535887}
}

@article{autobahn,
    author = {Wang, Yisu Remy and Nunez, Diogenes and Fisher, Kathleen},
    title = {Autobahn: Using Genetic Algorithms to Infer Strictness Annotations},
    journal = {SIGPLAN Not.},
    volume = {51},
    number = {12},
    year = {2016},
    doi = {10.1145/3241625.2976009},
}

@article{transformopt,
    author = {Peyton Jones, Simon L. and Santos, Andr\'{e} L. M.},
    title = {A Transformation-Based Optimiser for Haskell},
    year = {1998},
    volume = {32},
    number = {1â€“3},
    doi = {10.1016/S0167-6423(97)00029-4},
    journal = {Sci. Comput. Program.}
}

@inproceedings{stricteffective,
    author    = {Simon Peyton Jones and
                 Will Partain},
    title     = {Measuring the effectiveness of a simple strictness analyser},
    booktitle = {Proceedings of the 1993 Glasgow Workshop on Functional Programming},
    series    = {Workshops in Computing},
    year      = {1993},
    doi       = {10.1007/978-1-4471-3236-3\_17}
}

@article{opteval,
    author = {Ennals, Robert and Jones, Simon Peyton},
    title = {Optimistic Evaluation: An Adaptive Evaluation Strategy for Non-Strict Programs},
    journal = {ICFP '03},
    year = {2003},
    volume = {38},
    number = {9},
    doi = {10.1145/944746.944731}
}

@misc{pyporting,
  title = {Porting Python 2 Code to Python 3},
  howpublished = {https://docs.python.org/3/howto/pyporting.html}
}

@misc{py2to3,
    title = {2to3 - Automated Python 2 to 3 code translation},
    howpublished = {https://docs.python.org/3/library/2to3.html}
}

@misc{pysunset,
  title = {Sunsetting Python 2},
  howpublished = {\url{https://www.python.org/doc/sunset-python-2/}}
}

@Article{alex,
   author = {Hannes M{\"u}hleisen and Alexander Bertram and Maarten-Jan Kallen},
   title = {Database-Inspired Optimizations for Statistical Analysis},
   journal = {Journal of Statistical Software},
   volume = {87},
   number = {4},
   year = {2018},
   doi = {10.18637/jss.v087.i04}
}

@inproceedings{trouduq,
  author    = {Martin Bodin and
               Tom{\'{a}}s Diaz and
               {\'{E}}ric Tanter},
  title     = {A trustworthy mechanized formalization of {R}},
  booktitle = {Symposium on Dynamic Languages (DLS)},
  year      = {2018},
  doi       = {10.1145/3276945.3276946}}

@inproceedings{tracer,
  author        = {Ryan  Macnak and Floreal Morandat and
                   Brandon Hill and Leo Osvald and Jan Vitek},
  title         = "TraceR: A framework for understanding R performance",
  booktitle     = "The UseR! Conference",
  year          = 2012}


@Article{augustsson93,
  author	= {Lennart Augustsson},
  title		= {The Interactive Lazy {ML} System},
  journal	= {J. Funct. Program.},
  volume	= {3},
  number	= {1},
  year		= {1993},
  doi		= {10.1017/S0956796800000617}
}

@Article{backus,
  author	= {Backus, John W. and {\it al.}},
  title		= {Revised Report on the Algorithm Language ALGOL 60},
  journal	= {Commun. ACM},
  volume	= {6},
  number	= {1},
  year		= {1963},
  doi		= {10.1145/366193.366201}
}

@Article{bioc,
    author = {W. Huber and V. J. Carey and R. Gentleman and S. Anders and M. Carlson and B. S. Carvalho and H. C. Bravo and S. Davis and L. Gatto and T. Girke and R. Gottardo and F. Hahne and K. D. Hansen and R. A. Irizarry and M. Lawrence and M. I. Love and J. MacDonald and V. Obenchain and A. K. {Ole's} and H. {Pag`es} and A. Reyes and P. Shannon and G. K. Smyth and D. Tenenbaum and L. Waldron and M. Morgan},
    title = {{O}rchestrating high-throughput genomic analysis with {B}ioconductor},
    journal = {Nature Methods},
    year = {2015},
    volume = {12},
    number = {2},
    pages = {115--121},
    url = {http://www.nature.com/nmeth/journal/v12/n2/full/nmeth.3252.html}
}

@Manual{dplyr,
  title		= {dplyr: A Grammar of Data Manipulation},
  author	= {Hadley Wickham and Romain Francois and Lionel Henry and
  Kirill M{\"u}ller},
  year		= {2018},
  url		= {https://CRAN.R-project.org/package=dplyr}
}

@InProceedings{eco11,
  author	= "David Smith",
  title		= "The {R} Ecosystem",
  booktitle	= "The R User Conference 2011",
  year		= 2011,
}

@Book{ggplot2,
  author	= {Hadley Wickham},
  title		= {ggplot2: Elegant Graphics for Data Analysis},
  publisher	= {Springer-Verlag},
  year		= {2016},
  url		= {http://ggplot2.org}
}

@InProceedings{ haskell,
  author	= {Paul Hudak and John Hughes and Simon L. {Peyton Jones} and
		  Philip Wadler},
  title		= {A history of Haskell: being lazy with class},
  booktitle	= {History of Programming Languages Conference (HOPL-III)},
  year		= {2007},
  doi		= {10.1145/1238844.1238856}
}

@Article{hudak89,
  author	= {Hudak, Paul},
  title		= {Conception, Evolution, and Application of Functional
		  Programming Languages},
  journal	= {ACM Comput. Surv.},
  volume	= {21},
  number	= {3},
  year		= {1989},
  doi		= {10.1145/72551.72554}
}

@Article{hughes,
  author	= {John Hughes},
  title		= {Why Functional Programming Matters},
  journal	= {Comput. J.},
  volume	= {32},
  number	= {2},
  year		= {1989},
  doi		= {10.1093/comjnl/32.2.98}
}

@InProceedings{issta18,
  author	= {Filip Krikava and Jan Vitek},
  title		= {Tests from traces: automated unit test extraction for
		  {R}},
  booktitle	= {International Symposium on Software Testing and Analysis
		  (ISSTA)},
  year		= {2018},
  doi		= {10.1145/3213846.3213863}
}

@InProceedings{ligges2017,
  author	= {Uwe Ligges},
  year		= 2017,
  booktitle	= {UseR! Conference},
  title		= {20 Years of CRAN (Video on Channel9)}
}

@Article{	  mitch,
  author	= {Mitchell Wand},
  title		= {The Theory of Fexprs is Trivial},
  journal	= {Lisp and Symbolic Computation},
  volume	= {10},
  number	= {3},
  doi		= {10.1023/A:100772063},
  year		= {1998}
}

@Article{oka95,
  author	= {Chris Okasaki},
  title		= {Simple and efficient purely functional queues and deques},
  journal	= {Journal of Functional Programming},
  year		= {1995},
  volume	= {5},
  number	= {4},
  doi		= {10.1017/S0956796800001489}
}

@Article{oneil15,
  title		= "Implementing Persistent O(1) Stacks and Queues in R",
  author	= "Shawn T. O'Neil",
  journal	= "The R Journal",
  volume	= "7",
  issue		= 1,
  doi		= {10.32614/RJ-2015-009},
  year		= 2015
}

@InProceedings{pitman80,
  author	= {Kent M. Pitman},
  title		= {Special Forms in {LISP}},
  booktitle	= {{LISP} Conference},
  year		= {1980},
  doi           = {10.1145/800087.802804}
}

@Article{r96,
  author	= {Ross Ihaka and Robert Gentleman},
  title		= {R: A Language for Data Analysis and Graphics},
  journal	= {Journal of Computational and Graphical Statistics},
  year		= 1996,
  volume	= 5,
  number	= 3,
  url		= {http://www.amstat.org/publications/jcgs/}
}

@InProceedings{rmeltbrains,
  title		= {R Melts Brains: An IR for First-Class Environments and
		  Lazy Effectful Arguments},
  author	= {Olivier Fl\"uckiger and Guido Chari and Jan Je\v{c}men and
		  Ming-Ho Yee and Jakob Hain and Jan Vitek},
  booktitle	= { Dynamic Language Symposium (DLS)},
  doi		= {10.1145/3359619.3359744},
  year		= 2019
}

@Book{s88,
  author	= {Richard A. Becker and John M. Chambers and Allan R.
		  Wilks},
  title		= {The New {S} Language},
  publisher	= {Chapman \& Hall},
  year		= 1988,
}

@book{gnuparallel,
      author       = {Tange, Ole},
      title        = {GNU Parallel 2018},
      publisher    = {},
      month        = Mar,
      year         = 2018,
      ISBN         = {9781387509881},
      doi          = {10.5281/zenodo.1146014},
      url          = {https://doi.org/10.5281/zenodo.1146014}
}

@Manual{tidyverse,
  title		= {tidyverse: Easily Install and Load the 'Tidyverse'},
  author	= {Hadley Wickham},
  year		= {2017},
  url		= {https://CRAN.R-project.org/package=tidyverse}
}

@Manual{tie19,
  author	= {Tierney, Luke},
  year		= {2019},
  title		= {A Byte Code Compiler for R},
  url		= {www.stat.uiowa.edu/~luke/R/compiler/compiler.pdf}
}

@InProceedings{	  turner,
  author	= {David A. Turner},
  title		= {Some History of Functional Programming Languages},
  booktitle	= {Trends in Functional Programming (TFP)},
  year		= {2012},
  doi		= {10.1007/978-3-642-40447-4\_1}
}

@Article{	  turner79,
  author	= {David A. Turner},
  title		= {A New Implementation Technique for Applicative Languages},
  journal	= {Softw., Pract. Exper.},
  volume	= {9},
  number	= {1},
  year		= {1979},
  doi		= {10.1002/spe.4380090105}
}

@InProceedings{	  turner81,
  author	= {David A. Turner},
  title		= {The semantic elegance of applicative languages},
  booktitle	= {Conference on Functional programming languages and
		  computer architecture (FPCA)},
  year		= {1981},
  doi		= {10.1145/800223.806766}
}

@InProceedings{	  turner85,
  author	= {David A. Turner},
  title		= {Miranda: {A} Non-Strict Functional language with
		  Polymorphic Types},
  booktitle	= {Functional Programming Languages and Computer
		  Architecture (FPCA)},
  year		= {1985},
  doi		= {10.1007/3-540-15975-4\_26}
}

@InProceedings{vee14,
  author	= "Tomas Kalibera and Petr Maj and Floreal Morandat and Jan
		  Vitek",
  title		= "A Fast Abstract Syntax Tree Interpreter for {R}",
  booktitle	= "Conference on Virtual Execution Environments (VEE)",
  doi		= "10.1145/2576195.2576205",
  year		= 2014
}

@Article{wright92,
  author	= {Andrew K. Wright and Matthias Felleisen},
  title		= {A Syntactic Approach to Type Soundness},
  journal	= {Information and Computation},
  year		= {1992},
  volume	= {115},
  doi           = {10.1006/inco.1994.1093}}
