@Article{alex,
   author = {Hannes M{\"u}hleisen and Alexander Bertram and Maarten-Jan Kallen},
   title = {Database-Inspired Optimizations for Statistical Analysis},
   journal = {Journal of Statistical Software},
   volume = {87},
   number = {4},
   year = {2018},
   doi = {10.18637/jss.v087.i04}
}

@inproceedings{trouduq,
  author    = {Martin Bodin and
               Tom{\'{a}}s Diaz and
               {\'{E}}ric Tanter},
  title     = {A trustworthy mechanized formalization of {R}},
  booktitle = {Symposium on Dynamic Languages (DLS)},
  year      = {2018},
  doi       = {10.1145/3276945.3276946}}

@inproceedings{tracer,
  author        = {Ryan  Macnak and Floreal Morandat and
                   Brandon Hill and Leo Osvald and Jan Vitek},
  title         = "TraceR: A framework for understanding R performance",
  booktitle     = "The UseR! Conference",
  year          = 2012}


@Article{augustsson93,
  author	= {Lennart Augustsson},
  title		= {The Interactive Lazy {ML} System},
  journal	= {J. Funct. Program.},
  volume	= {3},
  number	= {1},
  year		= {1993},
  doi		= {10.1017/S0956796800000617}
}

@Article{backus,
  author	= {Backus, John W. and {\it al.}},
  title		= {Revised Report on the Algorithm Language ALGOL 60},
  journal	= {Commun. ACM},
  volume	= {6},
  number	= {1},
  year		= {1963},
  doi		= {10.1145/366193.366201}
}

@Manual{dplyr,
  title		= {dplyr: A Grammar of Data Manipulation},
  author	= {Hadley Wickham and Romain Francois and Lionel Henry and
  Kirill M{\"u}ller},
  year		= {2018},
  url		= {https://CRAN.R-project.org/package=dplyr}
}

@InProceedings{eco11,
  author	= "David Smith",
  title		= "The {R} Ecosystem",
  booktitle	= "The R User Conference 2011",
  year		= 2011,
}
@Book{ggplot2,
  author	= {Hadley Wickham},
  title		= {ggplot2: Elegant Graphics for Data Analysis},
  publisher	= {Springer-Verlag},
  year		= {2016},
  url		= {http://ggplot2.org}
}


@InProceedings{ligges17,
  author	= {Uwe Ligges},
  year		= 2017,
  booktitle	= {UseR! Conference},
  title		= {20 Years of CRAN (Video on Channel9)}
}

@Article{	  mitch,
  author	= {Mitchell Wand},
  title		= {The Theory of Fexprs is Trivial},
  journal	= {Lisp and Symbolic Computation},
  volume	= {10},
  number	= {3},
  doi		= {10.1023/A:100772063},
  year		= {1998}
}

@Article{oka95,
  author	= {Chris Okasaki},
  title		= {Simple and efficient purely functional queues and deques},
  journal	= {Journal of Functional Programming},
  year		= {1995},
  volume	= {5},
  number	= {4},
  doi		= {10.1017/S0956796800001489}
}

@Article{oneil15,
  title		= "Implementing Persistent O(1) Stacks and Queues in R",
  author	= "Shawn T. O'Neil",
  journal	= "The R Journal",
  volume	= "7",
  issue		= 1,
  doi		= {10.32614/RJ-2015-009},
  year		= 2015
}

@InProceedings{pitman80,
  author	= {Kent M. Pitman},
  title		= {Special Forms in {LISP}},
  booktitle	= {{LISP} Conference},
  year		= {1980},
  doi           = {10.1145/800087.802804}
}


@InProceedings{rmeltbrains,
  title		= {R Melts Brains: An IR for First-Class Environments and
		  Lazy Effectful Arguments},
  author	= {Olivier Fl\"uckiger and Guido Chari and Jan Je\v{c}men and
		  Ming-Ho Yee and Jakob Hain and Jan Vitek},
  booktitle	= { Dynamic Language Symposium (DLS)},
  doi		= {10.1145/3359619.3359744},
  year		= 2019
}

@Manual{tidyverse,
  title		= {tidyverse: Easily Install and Load the 'Tidyverse'},
  author	= {Hadley Wickham},
  year		= {2017},
  url		= {https://CRAN.R-project.org/package=tidyverse}
}

@Manual{tie19,
  author	= {Tierney, Luke},
  year		= {2019},
  title		= {A Byte Code Compiler for R},
  url		= {www.stat.uiowa.edu/~luke/R/compiler/compiler.pdf}
}

@InProceedings{	  turner,
  author	= {David A. Turner},
  title		= {Some History of Functional Programming Languages},
  booktitle	= {Trends in Functional Programming (TFP)},
  year		= {2012},
  doi		= {10.1007/978-3-642-40447-4\_1}
}

@Article{	  turner79,
  author	= {David A. Turner},
  title		= {A New Implementation Technique for Applicative Languages},
  journal	= {Softw., Pract. Exper.},
  volume	= {9},
  number	= {1},
  year		= {1979},
  doi		= {10.1002/spe.4380090105}
}

@InProceedings{	  turner81,
  author	= {David A. Turner},
  title		= {The semantic elegance of applicative languages},
  booktitle	= {Conference on Functional programming languages and
		  computer architecture (FPCA)},
  year		= {1981},
  doi		= {10.1145/800223.806766}
}

@InProceedings{	  turner85,
  author	= {David A. Turner},
  title		= {Miranda: {A} Non-Strict Functional language with
		  Polymorphic Types},
  booktitle	= {Functional Programming Languages and Computer
		  Architecture (FPCA)},
  year		= {1985},
  doi		= {10.1007/3-540-15975-4\_26}
}

@Article{wright92,
  author	= {Andrew K. Wright and Matthias Felleisen},
  title		= {A Syntactic Approach to Type Soundness},
  journal	= {Information and Computation},
  year		= {1992},
  volume	= {115},
  doi           = {10.1006/inco.1994.1093}}
