@inproceedings{matthias06,
 author = {Tobin-Hochstadt, Sam and Felleisen, Matthias},
 title = {Interlanguage Migration: From Scripts to Programs},
 year = {2006},
 doi = {10.1145/1176617.1176755},
 booktitle = {Companion to the Symposium on Object-Oriented Programming Systems, Languages, and Applications}}

@article{Agg15,
  title={Using machine translation for converting {Python} 2 to {Python} 3 code},
  author={Karan Aggarwal and Mohammad Salameh and A. Hindle},
  journal={PeerJ Prepr.},
  year={2015},
  volume={3}}

@INPROCEEDINGS{Tran19,
  author={N. {Tran} and H. {Tran} and S. {Nguyen} and H. {Nguyen} and T.
                  {Nguyen}},
  booktitle={International Conference on Program Comprehension (ICPC)},
  title={Does {BLEU} Score Work for Code Migration?},
  year={2019},
  doi={10.1109/ICPC.2019.00034}}

@INPROCEEDINGS{Ng15,
  author={A. T. {Nguyen} and T. T. {Nguyen} and T. N. {Nguyen}},
  booktitle={International Conference on Automated Software Engineering (ASE)},
  title={Divide-and-Conquer Approach for Multi-phase Statistical Migration for
                  Source Code (T)},
  year={2015},
  doi={10.1109/ASE.2015.74}}

@INPROCEEDINGS{Ph17,
  author={H. D. {Phan} and A. T. {Nguyen} and T. D. {Nguyen} and T. N. {Nguyen}},
  booktitle={International Conference on Software Engineering Companion (ICSE)},
  title={Statistical Migration of {API} Usages},
  year={2017},
  doi={10.1109/ICSE-C.2017.17}}

@inproceedings{Vech14,
 author = {Karaivanov, Svetoslav and Raychev, Veselin and Vechev, Martin},
 title = {Phrase-Based Statistical Translation of Programming Languages},
 year = 2014,
 doi = {10.1145/2661136.2661148},
 booktitle = {International Symposium on New Ideas, New Paradigms, and
                  Reflections on Programming \& Software (Onwards!)}}

@ARTICLE{Myc20,
  author={Oscar {Rodriguez-Prieto} and Alan {Mycroft} and FRancisco {Ortin}},
  journal={IEEE Access},
  title={An Efficient and Scalable Platform for {Java} Source Code Analysis Using
                  Overlaid Graph Representations},
  year={2020},
  volume={8},
  doi={10.1109/ACCESS.2020.2987631}}

@inproceedings{Fow16,
  author = {Fowkes, Jaroslav and Sutton, Charles},
  title = {Parameter-Free Probabilistic {API} Mining across {GitHub}},
  year = {2016},
  doi = {10.1145/2950290.2950319},
  booktitle = {International Symposium on Foundations of Software Engineering (FSE)}}

@inproceedings{Kar20,
  author = {Karampatsis, Rafael-Michael and Babii, Hlib and Robbes, Romain and
                  Sutton, Charles and Janes, Andrea},
  title = {Big Code != Big Vocabulary: Open-Vocabulary Models for Source Code},
  year = {2020},
  doi = {10.1145/3377811.3380342},
  booktitle = {International Conference on Software Engineering (ICSE)}}

@inbook{Pra20,
  author = {Pradel, Michael and Gousios, Georgios and Liu, Jason and Chandra,
                  Satish},
  title = {TypeWriter: Neural Type Prediction with Search-Based Validation},
  year = {2020},
  doi = {10.1145/3368089.3409715},
   booktitle = {Joint Meeting on European Software Engineering Conference and
                  Symposium on the Foundations of Software Engineering
                  (ESE/FSE)}}

@inproceedings{Bui19,
  author = {Bui, Nghi D. Q. and Yu, Yijun and Jiang, Lingxiao},
  title = {SAR: Learning Cross-Language {API} Mappings with Little Knowledge},
  year = {2019},
  doi = {10.1145/3338906.3338924},
  booktitle = {Joint Meeting on European Software Engineering Conference and
                  Symposium on the Foundations of Software Engineering(ESE/FSE)}}

@ARTICLE{Chen19,
  author={C. {Chen} and Z. {Xing} and Y. {Liu} and K. L. X. {Ong}},
  journal={IEEE Transactions on Software Engineering},
  title={Mining Likely Analogical {APIs} across Third-Party Libraries via
                  Large-Scale Unsupervised {API} Semantics Embedding},
  year={2019},
  doi={10.1109/TSE.2019.2896123}}

@inproceedings{Xie13,
  author = {Zhong, Hao and Thummalapenta, Suresh and Xie, Tao},
  title = {Exposing Behavioral Differences in Cross-Language {API} Mapping
                  Relations},
  year = {2013},
  doi = {10.1007/978-3-642-37057-1_10},
  booktitle = {Conference on Fundamental Approaches to Software Engineering
                  (FASE)}}

@inproceedings{Ng17,
  author = {Nguyen, Trong Duc and Nguyen, Anh Tuan and Phan, Hung Dang and
                  Nguyen, Tien N.},
  title = {Exploring {API} Embedding for {API} Usages and Applications},
  year = {2017},
  doi = {10.1109/ICSE.2017.47},
  booktitle = {International Conference on Software Engineering (ICSE)}}

@inproceedings{Alon18,
  author = {Alon, Uri and Zilberstein, Meital and Levy, Omer and Yahav, Eran},
  title = {A General Path-Based Representation for Predicting Program
                  Properties},
  year = {2018},
  doi = {10.1145/3192366.3192412},
  booktitle = {Conference on Programming Language Design and Implementation (PLDI)}}

@INPROCEEDINGS{Ng16,
  author={A. T. {Nguyen} and Z. {Tu} and T. N. {Nguyen}},
  booktitle={International Conference on Software Maintenance and Evolution
                  (ICSME)},
  title={Do Contexts Help in Phrase-Based, Statistical Source Code Migration?},
  year={2016},
  doi={10.1109/ICSME.2016.89}}

@inproceedings{Ng13,
  author = {Nguyen, Anh Tuan and Nguyen, Tung Thanh and Nguyen, Tien N.},
  title = {Lexical Statistical Machine Translation for Language Migration},
  year = {2013},
  doi = {10.1145/2491411.2494584},
  booktitle = {Foundations of Software Engineering (FSE)}}

@INPROCEEDINGS{Xu19,
  author={S. {Xu} and Z. {Dong} and N. {Meng}},
  booktitle={International Conference on Program Comprehension (ICPC)},
  title={Meditor: Inference and Application of API Migration Edits},
  year={2019},
  doi={10.1109/ICPC.2019.00052}}

@inproceedings{Orso20,
  author = {Fazzini, Mattia and Xin, Qi and Orso, Alessandro},
  title = {{APIMigrator}: An {API}-Usage Migration Tool for {Android} Apps},
  year = {2020},
  doi = {10.1145/3387905.3388608},
  booktitle = {International Conference on Mobile Software Engineering and
                  Systems (MobileSoft)}}

@INPROCEEDINGS{OB20,
  author={B. {Collie} and P. {Ginsbach} and J. {Woodruff} and A. {Rajan} and M.
                  F. P. {O'Boyle}},
  booktitle={Conference on Automated Software Engineering (ASE)},
  title={M3: Semantic API Migrations},
  year={2020}}
